%YAML 1.1
%TAG !u! tag:unity3d.com,2011:
--- !u!29 &1
OcclusionCullingSettings:
  m_ObjectHideFlags: 0
  serializedVersion: 2
  m_OcclusionBakeSettings:
    smallestOccluder: 5
    smallestHole: 0.25
    backfaceThreshold: 100
  m_SceneGUID: 00000000000000000000000000000000
  m_OcclusionCullingData: {fileID: 0}
--- !u!104 &2
RenderSettings:
  m_ObjectHideFlags: 0
  serializedVersion: 9
  m_Fog: 1
  m_FogColor: {r: 0.47478303, g: 0.5501963, b: 0.5566038, a: 1}
  m_FogMode: 2
  m_FogDensity: 0.01
  m_LinearFogStart: 0
  m_LinearFogEnd: 300
  m_AmbientSkyColor: {r: 0, g: 0, b: 0, a: 1}
  m_AmbientEquatorColor: {r: 0.114, g: 0.125, b: 0.133, a: 1}
  m_AmbientGroundColor: {r: 0.047, g: 0.043, b: 0.035, a: 1}
  m_AmbientIntensity: 1
  m_AmbientMode: 0
  m_SubtractiveShadowColor: {r: 0.42, g: 0.478, b: 0.627, a: 1}
  m_SkyboxMaterial: {fileID: 10304, guid: 0000000000000000f000000000000000, type: 0}
  m_HaloStrength: 0.5
  m_FlareStrength: 1
  m_FlareFadeSpeed: 3
  m_HaloTexture: {fileID: 0}
  m_SpotCookie: {fileID: 10001, guid: 0000000000000000e000000000000000, type: 0}
  m_DefaultReflectionMode: 0
  m_DefaultReflectionResolution: 128
  m_ReflectionBounces: 2
  m_ReflectionIntensity: 1
  m_CustomReflection: {fileID: 0}
  m_Sun: {fileID: 159381541}
  m_IndirectSpecularColor: {r: 0.13880792, g: 0.11613213, b: 0.09243133, a: 1}
  m_UseRadianceAmbientProbe: 0
--- !u!157 &3
LightmapSettings:
  m_ObjectHideFlags: 0
  serializedVersion: 11
  m_GIWorkflowMode: 1
  m_GISettings:
    serializedVersion: 2
    m_BounceScale: 1
    m_IndirectOutputScale: 1
    m_AlbedoBoost: 1
    m_EnvironmentLightingMode: 0
    m_EnableBakedLightmaps: 1
    m_EnableRealtimeLightmaps: 0
  m_LightmapEditorSettings:
    serializedVersion: 12
    m_Resolution: 2
    m_BakeResolution: 50
    m_AtlasSize: 1024
    m_AO: 1
    m_AOMaxDistance: 0.5
    m_CompAOExponent: 0.5
    m_CompAOExponentDirect: 0
    m_ExtractAmbientOcclusion: 0
    m_Padding: 2
    m_LightmapParameters: {fileID: 0}
    m_LightmapsBakeMode: 1
    m_TextureCompression: 1
    m_FinalGather: 0
    m_FinalGatherFiltering: 1
    m_FinalGatherRayCount: 256
    m_ReflectionCompression: 2
    m_MixedBakeMode: 2
    m_BakeBackend: 0
    m_PVRSampling: 1
    m_PVRDirectSampleCount: 32
    m_PVRSampleCount: 256
    m_PVRBounces: 3
    m_PVREnvironmentSampleCount: 256
    m_PVREnvironmentReferencePointCount: 2048
    m_PVRFilteringMode: 2
    m_PVRDenoiserTypeDirect: 0
    m_PVRDenoiserTypeIndirect: 0
    m_PVRDenoiserTypeAO: 0
    m_PVRFilterTypeDirect: 0
    m_PVRFilterTypeIndirect: 0
    m_PVRFilterTypeAO: 0
    m_PVREnvironmentMIS: 0
    m_PVRCulling: 0
    m_PVRFilteringGaussRadiusDirect: 1
    m_PVRFilteringGaussRadiusIndirect: 5
    m_PVRFilteringGaussRadiusAO: 2
    m_PVRFilteringAtrousPositionSigmaDirect: 0.5
    m_PVRFilteringAtrousPositionSigmaIndirect: 2
    m_PVRFilteringAtrousPositionSigmaAO: 1
    m_ExportTrainingData: 0
    m_TrainingDataDestination: TrainingData
  m_LightingDataAsset: {fileID: 112000000, guid: 588d6f18136cc064a80cbd490744f0cb,
    type: 2}
  m_UseShadowmask: 1
--- !u!196 &4
NavMeshSettings:
  serializedVersion: 2
  m_ObjectHideFlags: 0
  m_BuildSettings:
    serializedVersion: 2
    agentTypeID: 0
    agentRadius: 0.5
    agentHeight: 2
    agentSlope: 45
    agentClimb: 0.4
    ledgeDropHeight: 0
    maxJumpAcrossDistance: 0
    minRegionArea: 2
    manualCellSize: 0
    cellSize: 0.16666667
    manualTileSize: 0
    tileSize: 256
    accuratePlacement: 0
    debug:
      m_Flags: 0
  m_NavMeshData: {fileID: 0}
--- !u!1 &93901314
GameObject:
  m_ObjectHideFlags: 0
  m_CorrespondingSourceObject: {fileID: 0}
  m_PrefabInstance: {fileID: 0}
  m_PrefabAsset: {fileID: 0}
  serializedVersion: 6
  m_Component:
  - component: {fileID: 93901318}
  - component: {fileID: 93901317}
  - component: {fileID: 93901316}
  - component: {fileID: 93901315}
  - component: {fileID: 93901319}
  - component: {fileID: 93901321}
  - component: {fileID: 93901320}
  m_Layer: 0
  m_Name: Scare
  m_TagString: Untagged
  m_Icon: {fileID: 0}
  m_NavMeshLayer: 0
  m_StaticEditorFlags: 0
  m_IsActive: 1
--- !u!65 &93901315
BoxCollider:
  m_ObjectHideFlags: 0
  m_CorrespondingSourceObject: {fileID: 0}
  m_PrefabInstance: {fileID: 0}
  m_PrefabAsset: {fileID: 0}
  m_GameObject: {fileID: 93901314}
  m_Material: {fileID: 0}
  m_IsTrigger: 0
  m_Enabled: 1
  serializedVersion: 2
  m_Size: {x: 1, y: 1, z: 1}
  m_Center: {x: 0, y: 0, z: 0}
--- !u!23 &93901316
MeshRenderer:
  m_ObjectHideFlags: 0
  m_CorrespondingSourceObject: {fileID: 0}
  m_PrefabInstance: {fileID: 0}
  m_PrefabAsset: {fileID: 0}
  m_GameObject: {fileID: 93901314}
  m_Enabled: 1
  m_CastShadows: 1
  m_ReceiveShadows: 1
  m_DynamicOccludee: 1
  m_MotionVectors: 1
  m_LightProbeUsage: 1
  m_ReflectionProbeUsage: 1
  m_RenderingLayerMask: 1
  m_RendererPriority: 0
  m_Materials:
  - {fileID: 2100000, guid: 209feaf3eaa834b4ea356272f89075c9, type: 2}
  m_StaticBatchInfo:
    firstSubMesh: 0
    subMeshCount: 0
  m_StaticBatchRoot: {fileID: 0}
  m_ProbeAnchor: {fileID: 0}
  m_LightProbeVolumeOverride: {fileID: 0}
  m_ScaleInLightmap: 1
  m_ReceiveGI: 1
  m_PreserveUVs: 0
  m_IgnoreNormalsForChartDetection: 0
  m_ImportantGI: 0
  m_StitchLightmapSeams: 1
  m_SelectedEditorRenderState: 3
  m_MinimumChartSize: 4
  m_AutoUVMaxDistance: 0.5
  m_AutoUVMaxAngle: 89
  m_LightmapParameters: {fileID: 0}
  m_SortingLayerID: 0
  m_SortingLayer: 0
  m_SortingOrder: 0
--- !u!33 &93901317
MeshFilter:
  m_ObjectHideFlags: 0
  m_CorrespondingSourceObject: {fileID: 0}
  m_PrefabInstance: {fileID: 0}
  m_PrefabAsset: {fileID: 0}
  m_GameObject: {fileID: 93901314}
  m_Mesh: {fileID: 10202, guid: 0000000000000000e000000000000000, type: 0}
--- !u!4 &93901318
Transform:
  m_ObjectHideFlags: 0
  m_CorrespondingSourceObject: {fileID: 0}
  m_PrefabInstance: {fileID: 0}
  m_PrefabAsset: {fileID: 0}
  m_GameObject: {fileID: 93901314}
  m_LocalRotation: {x: 0, y: 1, z: 0, w: 0}
  m_LocalPosition: {x: -7, y: 1.25, z: -2}
  m_LocalScale: {x: 0.5, y: 1, z: 0.4}
  m_Children: []
  m_Father: {fileID: 0}
  m_RootOrder: 5
  m_LocalEulerAnglesHint: {x: 0, y: 180, z: 0}
--- !u!54 &93901319
Rigidbody:
  m_ObjectHideFlags: 0
  m_CorrespondingSourceObject: {fileID: 0}
  m_PrefabInstance: {fileID: 0}
  m_PrefabAsset: {fileID: 0}
  m_GameObject: {fileID: 93901314}
  serializedVersion: 2
  m_Mass: 1
  m_Drag: 0
  m_AngularDrag: 0.05
  m_UseGravity: 0
  m_IsKinematic: 0
  m_Interpolate: 0
  m_Constraints: 0
  m_CollisionDetection: 1
--- !u!114 &93901320
MonoBehaviour:
  m_ObjectHideFlags: 0
  m_CorrespondingSourceObject: {fileID: 0}
  m_PrefabInstance: {fileID: 0}
  m_PrefabAsset: {fileID: 0}
  m_GameObject: {fileID: 93901314}
  m_Enabled: 1
  m_EditorHideFlags: 0
  m_Script: {fileID: 11500000, guid: 6e45d84f99bc99745b931f602f63edd3, type: 3}
  m_Name: 
  m_EditorClassIdentifier: 
  force: 25
--- !u!82 &93901321
AudioSource:
  m_ObjectHideFlags: 0
  m_CorrespondingSourceObject: {fileID: 0}
  m_PrefabInstance: {fileID: 0}
  m_PrefabAsset: {fileID: 0}
  m_GameObject: {fileID: 93901314}
  m_Enabled: 1
  serializedVersion: 4
  OutputAudioMixerGroup: {fileID: 0}
  m_audioClip: {fileID: 8300000, guid: 65460be74097df44c9b70fa8e49dbbbb, type: 3}
  m_PlayOnAwake: 0
  m_Volume: 1
  m_Pitch: 1
  Loop: 0
  Mute: 0
  Spatialize: 0
  SpatializePostEffects: 0
  Priority: 128
  DopplerLevel: 1
  MinDistance: 1
  MaxDistance: 500
  Pan2D: 0
  rolloffMode: 0
  BypassEffects: 0
  BypassListenerEffects: 0
  BypassReverbZones: 0
  rolloffCustomCurve:
    serializedVersion: 2
    m_Curve:
    - serializedVersion: 3
      time: 0
      value: 1
      inSlope: 0
      outSlope: 0
      tangentMode: 0
      weightedMode: 0
      inWeight: 0.33333334
      outWeight: 0.33333334
    - serializedVersion: 3
      time: 1
      value: 0
      inSlope: 0
      outSlope: 0
      tangentMode: 0
      weightedMode: 0
      inWeight: 0.33333334
      outWeight: 0.33333334
    m_PreInfinity: 2
    m_PostInfinity: 2
    m_RotationOrder: 4
  panLevelCustomCurve:
    serializedVersion: 2
    m_Curve:
    - serializedVersion: 3
      time: 0
      value: 1
      inSlope: 0
      outSlope: 0
      tangentMode: 0
      weightedMode: 0
      inWeight: 0.33333334
      outWeight: 0.33333334
    m_PreInfinity: 2
    m_PostInfinity: 2
    m_RotationOrder: 4
  spreadCustomCurve:
    serializedVersion: 2
    m_Curve:
    - serializedVersion: 3
      time: 0
      value: 0
      inSlope: 0
      outSlope: 0
      tangentMode: 0
      weightedMode: 0
      inWeight: 0.33333334
      outWeight: 0.33333334
    m_PreInfinity: 2
    m_PostInfinity: 2
    m_RotationOrder: 4
  reverbZoneMixCustomCurve:
    serializedVersion: 2
    m_Curve:
    - serializedVersion: 3
      time: 0
      value: 1
      inSlope: 0
      outSlope: 0
      tangentMode: 0
      weightedMode: 0
      inWeight: 0.33333334
      outWeight: 0.33333334
    m_PreInfinity: 2
    m_PostInfinity: 2
    m_RotationOrder: 4
--- !u!1 &152025172
GameObject:
  m_ObjectHideFlags: 0
  m_CorrespondingSourceObject: {fileID: 0}
  m_PrefabInstance: {fileID: 0}
  m_PrefabAsset: {fileID: 0}
  serializedVersion: 6
  m_Component:
  - component: {fileID: 152025174}
  - component: {fileID: 152025173}
  m_Layer: 0
  m_Name: Spot Light_7
  m_TagString: Untagged
  m_Icon: {fileID: 0}
  m_NavMeshLayer: 0
  m_StaticEditorFlags: 4294967295
  m_IsActive: 1
--- !u!108 &152025173
Light:
  m_ObjectHideFlags: 0
  m_CorrespondingSourceObject: {fileID: 0}
  m_PrefabInstance: {fileID: 0}
  m_PrefabAsset: {fileID: 0}
  m_GameObject: {fileID: 152025172}
  m_Enabled: 1
  serializedVersion: 9
  m_Type: 0
  m_Color: {r: 1, g: 0.91999274, b: 0.7028302, a: 1}
  m_Intensity: 1.25
  m_Range: 10
  m_SpotAngle: 128.9
  m_InnerSpotAngle: 112.743515
  m_CookieSize: 10
  m_Shadows:
    m_Type: 2
    m_Resolution: 2
    m_CustomResolution: -1
    m_Strength: 1
    m_Bias: 0.002
    m_NormalBias: 0.4
    m_NearPlane: 0.2
    m_CullingMatrixOverride:
      e00: 1
      e01: 0
      e02: 0
      e03: 0
      e10: 0
      e11: 1
      e12: 0
      e13: 0
      e20: 0
      e21: 0
      e22: 1
      e23: 0
      e30: 0
      e31: 0
      e32: 0
      e33: 1
    m_UseCullingMatrixOverride: 0
  m_Cookie: {fileID: 0}
  m_DrawHalo: 0
  m_Flare: {fileID: 0}
  m_RenderMode: 0
  m_CullingMask:
    serializedVersion: 2
    m_Bits: 4294967295
  m_RenderingLayerMask: 1
  m_Lightmapping: 1
  m_LightShadowCasterMode: 0
  m_AreaSize: {x: 1, y: 1}
  m_BounceIntensity: 1.25
  m_ColorTemperature: 6570
  m_UseColorTemperature: 0
  m_BoundingSphereOverride: {x: 0, y: 0, z: 0, w: 0}
  m_UseBoundingSphereOverride: 0
  m_ShadowRadius: 0
  m_ShadowAngle: 0
--- !u!4 &152025174
Transform:
  m_ObjectHideFlags: 0
  m_CorrespondingSourceObject: {fileID: 0}
  m_PrefabInstance: {fileID: 0}
  m_PrefabAsset: {fileID: 0}
  m_GameObject: {fileID: 152025172}
  m_LocalRotation: {x: 0.7071068, y: -0, z: -0, w: 0.7071068}
  m_LocalPosition: {x: -1.36, y: 3.26, z: -0.96}
  m_LocalScale: {x: 1, y: 1, z: 1}
  m_Children: []
  m_Father: {fileID: 2056653234}
  m_RootOrder: 7
  m_LocalEulerAnglesHint: {x: 90, y: 0, z: 0}
--- !u!1 &159381540
GameObject:
  m_ObjectHideFlags: 0
  m_CorrespondingSourceObject: {fileID: 0}
  m_PrefabInstance: {fileID: 0}
  m_PrefabAsset: {fileID: 0}
  serializedVersion: 6
  m_Component:
  - component: {fileID: 159381542}
  - component: {fileID: 159381541}
  m_Layer: 0
  m_Name: Directional Light
  m_TagString: Untagged
  m_Icon: {fileID: 0}
  m_NavMeshLayer: 0
  m_StaticEditorFlags: 4294967295
  m_IsActive: 1
--- !u!108 &159381541
Light:
  m_ObjectHideFlags: 0
  m_CorrespondingSourceObject: {fileID: 0}
  m_PrefabInstance: {fileID: 0}
  m_PrefabAsset: {fileID: 0}
  m_GameObject: {fileID: 159381540}
  m_Enabled: 1
  serializedVersion: 9
  m_Type: 1
  m_Color: {r: 0.7989943, g: 0.891847, b: 0.990566, a: 1}
  m_Intensity: 0
  m_Range: 10
  m_SpotAngle: 30
  m_InnerSpotAngle: 21.80208
  m_CookieSize: 10
  m_Shadows:
    m_Type: 2
    m_Resolution: -1
    m_CustomResolution: -1
    m_Strength: 1
    m_Bias: 0.01
    m_NormalBias: 0
    m_NearPlane: 0.2
    m_CullingMatrixOverride:
      e00: 1
      e01: 0
      e02: 0
      e03: 0
      e10: 0
      e11: 1
      e12: 0
      e13: 0
      e20: 0
      e21: 0
      e22: 1
      e23: 0
      e30: 0
      e31: 0
      e32: 0
      e33: 1
    m_UseCullingMatrixOverride: 0
  m_Cookie: {fileID: 0}
  m_DrawHalo: 0
  m_Flare: {fileID: 0}
  m_RenderMode: 0
  m_CullingMask:
    serializedVersion: 2
    m_Bits: 4294967295
  m_RenderingLayerMask: 1
  m_Lightmapping: 1
  m_LightShadowCasterMode: 0
  m_AreaSize: {x: 1, y: 1}
  m_BounceIntensity: 1
  m_ColorTemperature: 6570
  m_UseColorTemperature: 0
  m_BoundingSphereOverride: {x: 0, y: 0, z: 0, w: 0}
  m_UseBoundingSphereOverride: 0
  m_ShadowRadius: 0
  m_ShadowAngle: 0
--- !u!4 &159381542
Transform:
  m_ObjectHideFlags: 0
  m_CorrespondingSourceObject: {fileID: 0}
  m_PrefabInstance: {fileID: 0}
  m_PrefabAsset: {fileID: 0}
  m_GameObject: {fileID: 159381540}
  m_LocalRotation: {x: 0.017561516, y: -0.5752835, z: -0.1751769, w: 0.7987826}
  m_LocalPosition: {x: 13.21, y: 15.33, z: -17.01}
  m_LocalScale: {x: 1, y: 1, z: 1}
  m_Children: []
  m_Father: {fileID: 2056653234}
  m_RootOrder: 0
  m_LocalEulerAnglesHint: {x: -9.991, y: -69.96001, z: -17.739}
--- !u!1 &240396475
GameObject:
  m_ObjectHideFlags: 0
  m_CorrespondingSourceObject: {fileID: 0}
  m_PrefabInstance: {fileID: 0}
  m_PrefabAsset: {fileID: 0}
  serializedVersion: 6
  m_Component:
  - component: {fileID: 240396477}
  - component: {fileID: 240396476}
  m_Layer: 0
  m_Name: Spot Light_6
  m_TagString: Untagged
  m_Icon: {fileID: 0}
  m_NavMeshLayer: 0
  m_StaticEditorFlags: 4294967295
  m_IsActive: 1
--- !u!108 &240396476
Light:
  m_ObjectHideFlags: 0
  m_CorrespondingSourceObject: {fileID: 0}
  m_PrefabInstance: {fileID: 0}
  m_PrefabAsset: {fileID: 0}
  m_GameObject: {fileID: 240396475}
  m_Enabled: 1
  serializedVersion: 9
  m_Type: 0
  m_Color: {r: 1, g: 0.91999274, b: 0.7028302, a: 1}
  m_Intensity: 1.25
  m_Range: 10
  m_SpotAngle: 128.9
  m_InnerSpotAngle: 112.743515
  m_CookieSize: 10
  m_Shadows:
    m_Type: 2
    m_Resolution: 2
    m_CustomResolution: -1
    m_Strength: 1
    m_Bias: 0.002
    m_NormalBias: 0.4
    m_NearPlane: 0.2
    m_CullingMatrixOverride:
      e00: 1
      e01: 0
      e02: 0
      e03: 0
      e10: 0
      e11: 1
      e12: 0
      e13: 0
      e20: 0
      e21: 0
      e22: 1
      e23: 0
      e30: 0
      e31: 0
      e32: 0
      e33: 1
    m_UseCullingMatrixOverride: 0
  m_Cookie: {fileID: 0}
  m_DrawHalo: 0
  m_Flare: {fileID: 0}
  m_RenderMode: 0
  m_CullingMask:
    serializedVersion: 2
    m_Bits: 4294967295
  m_RenderingLayerMask: 1
  m_Lightmapping: 1
  m_LightShadowCasterMode: 0
  m_AreaSize: {x: 1, y: 1}
  m_BounceIntensity: 1.25
  m_ColorTemperature: 6570
  m_UseColorTemperature: 0
  m_BoundingSphereOverride: {x: 0, y: 0, z: 0, w: 0}
  m_UseBoundingSphereOverride: 0
  m_ShadowRadius: 0
  m_ShadowAngle: 0
--- !u!4 &240396477
Transform:
  m_ObjectHideFlags: 0
  m_CorrespondingSourceObject: {fileID: 0}
  m_PrefabInstance: {fileID: 0}
  m_PrefabAsset: {fileID: 0}
  m_GameObject: {fileID: 240396475}
  m_LocalRotation: {x: 0.7071068, y: -0, z: -0, w: 0.7071068}
  m_LocalPosition: {x: -6.34, y: 3.26, z: -1.03}
  m_LocalScale: {x: 1, y: 1, z: 1}
  m_Children: []
  m_Father: {fileID: 2056653234}
  m_RootOrder: 6
  m_LocalEulerAnglesHint: {x: 90, y: 0, z: 0}
--- !u!1 &422299037
GameObject:
  m_ObjectHideFlags: 0
  m_CorrespondingSourceObject: {fileID: 0}
  m_PrefabInstance: {fileID: 0}
  m_PrefabAsset: {fileID: 0}
  serializedVersion: 6
  m_Component:
  - component: {fileID: 422299039}
  - component: {fileID: 422299038}
  m_Layer: 0
  m_Name: Spot Light_4
  m_TagString: Untagged
  m_Icon: {fileID: 0}
  m_NavMeshLayer: 0
  m_StaticEditorFlags: 4294967295
  m_IsActive: 1
--- !u!108 &422299038
Light:
  m_ObjectHideFlags: 0
  m_CorrespondingSourceObject: {fileID: 0}
  m_PrefabInstance: {fileID: 0}
  m_PrefabAsset: {fileID: 0}
  m_GameObject: {fileID: 422299037}
  m_Enabled: 1
  serializedVersion: 9
  m_Type: 0
  m_Color: {r: 1, g: 0.91999274, b: 0.7028302, a: 1}
  m_Intensity: 1.25
  m_Range: 10
  m_SpotAngle: 128.9
  m_InnerSpotAngle: 112.743515
  m_CookieSize: 10
  m_Shadows:
    m_Type: 2
    m_Resolution: 2
    m_CustomResolution: -1
    m_Strength: 1
    m_Bias: 0.002
    m_NormalBias: 0.4
    m_NearPlane: 0.2
    m_CullingMatrixOverride:
      e00: 1
      e01: 0
      e02: 0
      e03: 0
      e10: 0
      e11: 1
      e12: 0
      e13: 0
      e20: 0
      e21: 0
      e22: 1
      e23: 0
      e30: 0
      e31: 0
      e32: 0
      e33: 1
    m_UseCullingMatrixOverride: 0
  m_Cookie: {fileID: 0}
  m_DrawHalo: 0
  m_Flare: {fileID: 0}
  m_RenderMode: 0
  m_CullingMask:
    serializedVersion: 2
    m_Bits: 4294967295
  m_RenderingLayerMask: 1
  m_Lightmapping: 1
  m_LightShadowCasterMode: 0
  m_AreaSize: {x: 1, y: 1}
  m_BounceIntensity: 1.25
  m_ColorTemperature: 6570
  m_UseColorTemperature: 0
  m_BoundingSphereOverride: {x: 0, y: 0, z: 0, w: 0}
  m_UseBoundingSphereOverride: 0
  m_ShadowRadius: 0
  m_ShadowAngle: 0
--- !u!4 &422299039
Transform:
  m_ObjectHideFlags: 0
  m_CorrespondingSourceObject: {fileID: 0}
  m_PrefabInstance: {fileID: 0}
  m_PrefabAsset: {fileID: 0}
  m_GameObject: {fileID: 422299037}
  m_LocalRotation: {x: 0.7071068, y: -0, z: -0, w: 0.7071068}
  m_LocalPosition: {x: -1.36, y: 3.26, z: -4.27}
  m_LocalScale: {x: 1, y: 1, z: 1}
  m_Children: []
  m_Father: {fileID: 2056653234}
  m_RootOrder: 4
  m_LocalEulerAnglesHint: {x: 90, y: 0, z: 0}
--- !u!1 &500398742
GameObject:
  m_ObjectHideFlags: 0
  m_CorrespondingSourceObject: {fileID: 0}
  m_PrefabInstance: {fileID: 0}
  m_PrefabAsset: {fileID: 0}
  serializedVersion: 6
  m_Component:
  - component: {fileID: 500398744}
  - component: {fileID: 500398743}
  m_Layer: 0
  m_Name: Spot Light_5
  m_TagString: Untagged
  m_Icon: {fileID: 0}
  m_NavMeshLayer: 0
  m_StaticEditorFlags: 4294967295
  m_IsActive: 1
--- !u!108 &500398743
Light:
  m_ObjectHideFlags: 0
  m_CorrespondingSourceObject: {fileID: 0}
  m_PrefabInstance: {fileID: 0}
  m_PrefabAsset: {fileID: 0}
  m_GameObject: {fileID: 500398742}
  m_Enabled: 1
  serializedVersion: 9
  m_Type: 0
  m_Color: {r: 1, g: 0.91999274, b: 0.7028302, a: 1}
  m_Intensity: 1.25
  m_Range: 10
  m_SpotAngle: 128.9
  m_InnerSpotAngle: 112.743515
  m_CookieSize: 10
  m_Shadows:
    m_Type: 2
    m_Resolution: 2
    m_CustomResolution: -1
    m_Strength: 1
    m_Bias: 0.002
    m_NormalBias: 0.4
    m_NearPlane: 0.2
    m_CullingMatrixOverride:
      e00: 1
      e01: 0
      e02: 0
      e03: 0
      e10: 0
      e11: 1
      e12: 0
      e13: 0
      e20: 0
      e21: 0
      e22: 1
      e23: 0
      e30: 0
      e31: 0
      e32: 0
      e33: 1
    m_UseCullingMatrixOverride: 0
  m_Cookie: {fileID: 0}
  m_DrawHalo: 0
  m_Flare: {fileID: 0}
  m_RenderMode: 0
  m_CullingMask:
    serializedVersion: 2
    m_Bits: 4294967295
  m_RenderingLayerMask: 1
  m_Lightmapping: 1
  m_LightShadowCasterMode: 0
  m_AreaSize: {x: 1, y: 1}
  m_BounceIntensity: 1.25
  m_ColorTemperature: 6570
  m_UseColorTemperature: 0
  m_BoundingSphereOverride: {x: 0, y: 0, z: 0, w: 0}
  m_UseBoundingSphereOverride: 0
  m_ShadowRadius: 0
  m_ShadowAngle: 0
--- !u!4 &500398744
Transform:
  m_ObjectHideFlags: 0
  m_CorrespondingSourceObject: {fileID: 0}
  m_PrefabInstance: {fileID: 0}
  m_PrefabAsset: {fileID: 0}
  m_GameObject: {fileID: 500398742}
  m_LocalRotation: {x: 0.7071068, y: -0, z: -0, w: 0.7071068}
  m_LocalPosition: {x: -6.34, y: 3.26, z: -4.27}
  m_LocalScale: {x: 1, y: 1, z: 1}
  m_Children: []
  m_Father: {fileID: 2056653234}
  m_RootOrder: 5
  m_LocalEulerAnglesHint: {x: 90, y: 0, z: 0}
--- !u!1 &753142717
GameObject:
  m_ObjectHideFlags: 0
  m_CorrespondingSourceObject: {fileID: 0}
  m_PrefabInstance: {fileID: 0}
  m_PrefabAsset: {fileID: 0}
  serializedVersion: 6
  m_Component:
  - component: {fileID: 753142719}
  - component: {fileID: 753142718}
  m_Layer: 0
  m_Name: Light Probe Group
  m_TagString: Untagged
  m_Icon: {fileID: 0}
  m_NavMeshLayer: 0
  m_StaticEditorFlags: 4294967295
  m_IsActive: 1
--- !u!220 &753142718
LightProbeGroup:
  m_ObjectHideFlags: 0
  m_CorrespondingSourceObject: {fileID: 0}
  m_PrefabInstance: {fileID: 0}
  m_PrefabAsset: {fileID: 0}
  m_GameObject: {fileID: 753142717}
  m_Enabled: 1
  m_SourcePositions:
  - {x: 0.15287113, y: -1.2102509, z: -11.456242}
  - {x: 0.15287113, y: -2.039833, z: -11.456242}
  - {x: -1, y: -1.2102509, z: -11.456242}
  - {x: -1, y: -2.039833, z: -11.456242}
  - {x: 1, y: -1.2102509, z: -11.456242}
  - {x: 1, y: -2.039833, z: -11.456242}
  - {x: -10.029755, y: -1.2102509, z: 4.824045}
  - {x: -10.029755, y: -1.2102509, z: 3.5074334}
  - {x: -10.029755, y: -2.039833, z: 4.824045}
  - {x: -10.029755, y: -2.039833, z: 3.5074334}
  - {x: -11.182626, y: -1.2102509, z: 4.824045}
  - {x: -11.182626, y: -1.2102509, z: 3.5074334}
  - {x: -11.182626, y: -2.039833, z: 4.824045}
  - {x: -11.182626, y: -2.039833, z: 3.5074334}
  - {x: -9.182626, y: -1.2102509, z: 4.824045}
  - {x: -9.182626, y: -1.2102509, z: 3.5074334}
  - {x: -9.182626, y: -2.039833, z: 4.824045}
  - {x: -9.182626, y: -2.039833, z: 3.5074334}
  - {x: 0.15287113, y: -1.2102509, z: -2.969964}
  - {x: 0.15287113, y: -1.2102509, z: -4.969964}
  - {x: 0.15287113, y: -2.039833, z: -2.969964}
  - {x: 0.15287113, y: -2.039833, z: -4.969964}
  - {x: -1, y: -1.2102509, z: -2.969964}
  - {x: -1, y: -1.2102509, z: -4.969964}
  - {x: -1, y: -2.039833, z: -2.969964}
  - {x: -1, y: -2.039833, z: -4.969964}
  - {x: 1, y: -1.2102509, z: -2.969964}
  - {x: 1, y: -1.2102509, z: -4.969964}
  - {x: 1, y: -2.039833, z: -2.969964}
  - {x: 1, y: -2.039833, z: -4.969964}
  - {x: 0.15287113, y: -1.2102509, z: -6.7943053}
  - {x: 0.15287113, y: -1.2102509, z: -8.794305}
  - {x: 0.15287113, y: -2.039833, z: -6.7943053}
  - {x: 0.15287113, y: -2.039833, z: -8.794305}
  - {x: -1, y: -1.2102509, z: -6.7943053}
  - {x: -1, y: -1.2102509, z: -8.794305}
  - {x: -1, y: -2.039833, z: -6.7943053}
  - {x: -1, y: -2.039833, z: -8.794305}
  - {x: 1, y: -1.2102509, z: -6.7943053}
  - {x: 1, y: -1.2102509, z: -8.794305}
  - {x: 1, y: -2.039833, z: -6.7943053}
  - {x: 1, y: -2.039833, z: -8.794305}
  - {x: 0.15287113, y: -0.03983307, z: -11.456242}
  - {x: -1, y: -0.03983307, z: -11.456242}
  - {x: 1, y: -0.03983307, z: -11.456242}
  - {x: -10.029755, y: -0.03983307, z: 4.824045}
  - {x: -10.029755, y: -0.03983307, z: 3.5074334}
  - {x: -11.182626, y: -0.03983307, z: 4.824045}
  - {x: -11.182626, y: -0.03983307, z: 3.5074334}
  - {x: -9.182626, y: -0.03983307, z: 4.824045}
  - {x: -9.182626, y: -0.03983307, z: 3.5074334}
  - {x: 0.15287113, y: -0.03983307, z: -2.969964}
  - {x: 0.15287113, y: -0.03983307, z: -4.969964}
  - {x: -1, y: -0.03983307, z: -2.969964}
  - {x: -1, y: -0.03983307, z: -4.969964}
  - {x: 1, y: -0.03983307, z: -2.969964}
  - {x: 1, y: -0.03983307, z: -4.969964}
  - {x: 0.15287113, y: -0.03983307, z: -6.7943053}
  - {x: 0.15287113, y: -0.03983307, z: -8.794305}
  - {x: -1, y: -0.03983307, z: -6.7943053}
  - {x: -1, y: -0.03983307, z: -8.794305}
  - {x: 1, y: -0.03983307, z: -6.7943053}
  - {x: 1, y: -0.03983307, z: -8.794305}
  - {x: -10.029755, y: -1.2102509, z: 2.2422342}
  - {x: -10.029755, y: -2.039833, z: 2.2422342}
  - {x: -11.182626, y: -1.2102509, z: 2.2422342}
  - {x: -11.182626, y: -2.039833, z: 2.2422342}
  - {x: -9.182626, y: -1.2102509, z: 2.2422342}
  - {x: -9.182626, y: -2.039833, z: 2.2422342}
  - {x: -10.029755, y: -0.03983307, z: 2.2422342}
  - {x: -11.182626, y: -0.03983307, z: 2.2422342}
  - {x: -9.182626, y: -0.03983307, z: 2.2422342}
  - {x: 0.15287113, y: -1.2102509, z: 1}
  - {x: 0.15287113, y: -1.2102509, z: 0.123128414}
  - {x: 0.15287113, y: -2.039833, z: 1}
  - {x: 0.15287113, y: -2.039833, z: 0.123128414}
  - {x: -1, y: -1.2102509, z: 1}
  - {x: -1, y: -1.2102509, z: 0.123128414}
  - {x: -1, y: -2.039833, z: 1}
  - {x: -1, y: -2.039833, z: 0.123128414}
  - {x: 1, y: -1.2102509, z: 1}
  - {x: 1, y: -1.2102509, z: 0.123128414}
  - {x: 1, y: -2.039833, z: 1}
  - {x: 1, y: -2.039833, z: 0.123128414}
  - {x: 0.15287113, y: -0.03983307, z: 1}
  - {x: 0.15287113, y: -0.03983307, z: 0.123128414}
  - {x: -1, y: -0.03983307, z: 1}
  - {x: -1, y: -0.03983307, z: 0.123128414}
  - {x: 1, y: -0.03983307, z: 1}
  - {x: 1, y: -0.03983307, z: 0.123128414}
  - {x: 0.15287113, y: -1.2102509, z: -1}
  - {x: 0.15287113, y: -2.039833, z: -1}
  - {x: -1, y: -1.2102509, z: -1}
  - {x: -1, y: -2.039833, z: -1}
  - {x: 1, y: -1.2102509, z: -1}
  - {x: 1, y: -2.039833, z: -1}
  - {x: 0.15287113, y: -0.03983307, z: -1}
  - {x: -1, y: -0.03983307, z: -1}
  - {x: 1, y: -0.03983307, z: -1}
  - {x: -4.0899315, y: -1.2102509, z: 4.513357}
  - {x: -4.0899315, y: -1.2102509, z: 3.6364856}
  - {x: -4.0899315, y: -2.039833, z: 4.513357}
  - {x: -4.0899315, y: -2.039833, z: 3.6364856}
  - {x: -5.2428026, y: -1.2102509, z: 4.513357}
  - {x: -5.2428026, y: -1.2102509, z: 3.6364856}
  - {x: -5.2428026, y: -2.039833, z: 4.513357}
  - {x: -5.2428026, y: -2.039833, z: 3.6364856}
  - {x: -3.2428026, y: -1.2102509, z: 4.513357}
  - {x: -3.2428026, y: -1.2102509, z: 3.6364856}
  - {x: -3.2428026, y: -2.039833, z: 4.513357}
  - {x: -3.2428026, y: -2.039833, z: 3.6364856}
  - {x: -4.0899315, y: -0.03983307, z: 4.513357}
  - {x: -4.0899315, y: -0.03983307, z: 3.6364856}
  - {x: -5.2428026, y: -0.03983307, z: 4.513357}
  - {x: -5.2428026, y: -0.03983307, z: 3.6364856}
  - {x: -3.2428026, y: -0.03983307, z: 4.513357}
  - {x: -3.2428026, y: -0.03983307, z: 3.6364856}
  - {x: -4.0899315, y: -1.2102509, z: 2.5133572}
  - {x: -4.0899315, y: -2.039833, z: 2.5133572}
  - {x: -5.2428026, y: -1.2102509, z: 2.5133572}
  - {x: -5.2428026, y: -2.039833, z: 2.5133572}
  - {x: -3.2428026, y: -1.2102509, z: 2.5133572}
  - {x: -3.2428026, y: -2.039833, z: 2.5133572}
  - {x: -4.0899315, y: -0.03983307, z: 2.5133572}
  - {x: -5.2428026, y: -0.03983307, z: 2.5133572}
  - {x: -3.2428026, y: -0.03983307, z: 2.5133572}
  - {x: -6.8913717, y: -1.2102509, z: 1}
  - {x: -6.8913717, y: -1.2102509, z: 0.123128414}
  - {x: -6.8913717, y: -2.039833, z: 1}
  - {x: -6.8913717, y: -2.039833, z: 0.123128414}
  - {x: -7.535039, y: -1.2102509, z: 4.824045}
  - {x: -7.535039, y: -1.2102509, z: 3.5074334}
  - {x: -7.535039, y: -2.039833, z: 4.824045}
  - {x: -7.535039, y: -2.039833, z: 3.5074334}
  - {x: -6.044243, y: -1.2102509, z: 1}
  - {x: -6.044243, y: -1.2102509, z: 0.123128414}
  - {x: -6.044243, y: -2.039833, z: 1}
  - {x: -6.044243, y: -2.039833, z: 0.123128414}
  - {x: -6.8913717, y: -0.03983307, z: 1}
  - {x: -6.8913717, y: -0.03983307, z: 0.123128414}
  - {x: -7.535039, y: -0.03983307, z: 4.824045}
  - {x: -7.535039, y: -0.03983307, z: 3.5074334}
  - {x: -6.044243, y: -0.03983307, z: 1}
  - {x: -6.044243, y: -0.03983307, z: 0.123128414}
  - {x: -6.8913717, y: -1.2102509, z: -1}
  - {x: -6.8913717, y: -2.039833, z: -1}
  - {x: -7.535039, y: -1.2102509, z: 2.4613953}
  - {x: -7.535039, y: -2.039833, z: 2.4613953}
  - {x: -6.044243, y: -1.2102509, z: -1}
  - {x: -6.044243, y: -2.039833, z: -1}
  - {x: -6.8913717, y: -0.03983307, z: -1}
  - {x: -7.535039, y: -0.03983307, z: 2.4613953}
  - {x: -6.044243, y: -0.03983307, z: -1}
  - {x: -3.5352526, y: -1.2102509, z: 1}
  - {x: -3.5352526, y: -1.2102509, z: 0.123128414}
  - {x: -3.5352526, y: -2.039833, z: 1}
  - {x: -3.5352526, y: -2.039833, z: 0.123128414}
  - {x: -4.6881237, y: -1.2102509, z: 1}
  - {x: -4.6881237, y: -1.2102509, z: 0.123128414}
  - {x: -4.6881237, y: -2.039833, z: 1}
  - {x: -4.6881237, y: -2.039833, z: 0.123128414}
  - {x: -2.6881237, y: -1.2102509, z: 1}
  - {x: -2.6881237, y: -1.2102509, z: 0.123128414}
  - {x: -2.6881237, y: -2.039833, z: 1}
  - {x: -2.6881237, y: -2.039833, z: 0.123128414}
  - {x: -3.5352526, y: -0.03983307, z: 1}
  - {x: -3.5352526, y: -0.03983307, z: 0.123128414}
  - {x: -4.6881237, y: -0.03983307, z: 1}
  - {x: -4.6881237, y: -0.03983307, z: 0.123128414}
  - {x: -2.6881237, y: -0.03983307, z: 1}
  - {x: -2.6881237, y: -0.03983307, z: 0.123128414}
  - {x: -3.5352526, y: -1.2102509, z: -1}
  - {x: -3.5352526, y: -2.039833, z: -1}
  - {x: -4.6881237, y: -1.2102509, z: -1}
  - {x: -4.6881237, y: -2.039833, z: -1}
  - {x: -2.6881237, y: -1.2102509, z: -1}
  - {x: -2.6881237, y: -2.039833, z: -1}
  - {x: -3.5352526, y: -0.03983307, z: -1}
  - {x: -4.6881237, y: -0.03983307, z: -1}
  - {x: -2.6881237, y: -0.03983307, z: -1}
  - {x: -10.029755, y: -1.2102509, z: 1}
  - {x: -10.029755, y: -1.2102509, z: 0.123128414}
  - {x: -10.029755, y: -2.039833, z: 1}
  - {x: -10.029755, y: -2.039833, z: 0.123128414}
  - {x: -11.182626, y: -1.2102509, z: 1}
  - {x: -11.182626, y: -1.2102509, z: 0.123128414}
  - {x: -11.182626, y: -2.039833, z: 1}
  - {x: -11.182626, y: -2.039833, z: 0.123128414}
  - {x: -9.182626, y: -1.2102509, z: 1}
  - {x: -9.182626, y: -1.2102509, z: 0.123128414}
  - {x: -9.182626, y: -2.039833, z: 1}
  - {x: -9.182626, y: -2.039833, z: 0.123128414}
  - {x: -10.029755, y: -0.03983307, z: 1}
  - {x: -10.029755, y: -0.03983307, z: 0.123128414}
  - {x: -11.182626, y: -0.03983307, z: 1}
  - {x: -11.182626, y: -0.03983307, z: 0.123128414}
  - {x: -9.182626, y: -0.03983307, z: 1}
  - {x: -9.182626, y: -0.03983307, z: 0.123128414}
  - {x: -10.029755, y: -1.2102509, z: -1}
  - {x: -10.029755, y: -2.039833, z: -1}
  - {x: -11.182626, y: -1.2102509, z: -1}
  - {x: -11.182626, y: -2.039833, z: -1}
  - {x: -9.182626, y: -1.2102509, z: -1}
  - {x: -9.182626, y: -2.039833, z: -1}
  - {x: -10.029755, y: -0.03983307, z: -1}
  - {x: -11.182626, y: -0.03983307, z: -1}
  - {x: -9.182626, y: -0.03983307, z: -1}
  - {x: -8.044243, y: -1.2102509, z: 1}
  - {x: -8.044243, y: -1.2102509, z: 0.123128414}
  - {x: -8.044243, y: -2.039833, z: 1}
  - {x: -8.044243, y: -2.039833, z: 0.123128414}
  - {x: -8.044243, y: -0.03983307, z: 1}
  - {x: -8.044243, y: -0.03983307, z: 0.123128414}
  - {x: -8.044243, y: -1.2102509, z: -1}
  - {x: -8.044243, y: -2.039833, z: -1}
  - {x: -8.044243, y: -0.03983307, z: -1}
  m_Dering: 1
--- !u!4 &753142719
Transform:
  m_ObjectHideFlags: 0
  m_CorrespondingSourceObject: {fileID: 0}
  m_PrefabInstance: {fileID: 0}
  m_PrefabAsset: {fileID: 0}
  m_GameObject: {fileID: 753142717}
  m_LocalRotation: {x: -0, y: -0, z: -0, w: 1}
  m_LocalPosition: {x: 2.52, y: 2.7150083, z: -4.52}
  m_LocalScale: {x: 1, y: 1, z: 1}
  m_Children: []
  m_Father: {fileID: 2056653234}
  m_RootOrder: 8
  m_LocalEulerAnglesHint: {x: 0, y: 0, z: 0}
--- !u!1 &780615085
GameObject:
  m_ObjectHideFlags: 0
  m_CorrespondingSourceObject: {fileID: 0}
  m_PrefabInstance: {fileID: 0}
  m_PrefabAsset: {fileID: 0}
  serializedVersion: 6
  m_Component:
  - component: {fileID: 780615087}
  - component: {fileID: 780615086}
  m_Layer: 0
  m_Name: GameManager
  m_TagString: Untagged
  m_Icon: {fileID: 0}
  m_NavMeshLayer: 0
  m_StaticEditorFlags: 0
  m_IsActive: 1
--- !u!82 &780615086
AudioSource:
  m_ObjectHideFlags: 0
  m_CorrespondingSourceObject: {fileID: 0}
  m_PrefabInstance: {fileID: 0}
  m_PrefabAsset: {fileID: 0}
  m_GameObject: {fileID: 780615085}
  m_Enabled: 1
  serializedVersion: 4
  OutputAudioMixerGroup: {fileID: 0}
  m_audioClip: {fileID: 8300000, guid: a920c8612a43fde45932616a059ceabf, type: 3}
  m_PlayOnAwake: 1
  m_Volume: 1
  m_Pitch: 1
  Loop: 1
  Mute: 0
  Spatialize: 0
  SpatializePostEffects: 0
  Priority: 128
  DopplerLevel: 1
  MinDistance: 1
  MaxDistance: 500
  Pan2D: 0
  rolloffMode: 0
  BypassEffects: 0
  BypassListenerEffects: 0
  BypassReverbZones: 0
  rolloffCustomCurve:
    serializedVersion: 2
    m_Curve:
    - serializedVersion: 3
      time: 0
      value: 1
      inSlope: 0
      outSlope: 0
      tangentMode: 0
      weightedMode: 0
      inWeight: 0.33333334
      outWeight: 0.33333334
    - serializedVersion: 3
      time: 1
      value: 0
      inSlope: 0
      outSlope: 0
      tangentMode: 0
      weightedMode: 0
      inWeight: 0.33333334
      outWeight: 0.33333334
    m_PreInfinity: 2
    m_PostInfinity: 2
    m_RotationOrder: 4
  panLevelCustomCurve:
    serializedVersion: 2
    m_Curve:
    - serializedVersion: 3
      time: 0
      value: 0
      inSlope: 0
      outSlope: 0
      tangentMode: 0
      weightedMode: 0
      inWeight: 0.33333334
      outWeight: 0.33333334
    m_PreInfinity: 2
    m_PostInfinity: 2
    m_RotationOrder: 4
  spreadCustomCurve:
    serializedVersion: 2
    m_Curve:
    - serializedVersion: 3
      time: 0
      value: 0
      inSlope: 0
      outSlope: 0
      tangentMode: 0
      weightedMode: 0
      inWeight: 0.33333334
      outWeight: 0.33333334
    m_PreInfinity: 2
    m_PostInfinity: 2
    m_RotationOrder: 4
  reverbZoneMixCustomCurve:
    serializedVersion: 2
    m_Curve:
    - serializedVersion: 3
      time: 0
      value: 1
      inSlope: 0
      outSlope: 0
      tangentMode: 0
      weightedMode: 0
      inWeight: 0.33333334
      outWeight: 0.33333334
    m_PreInfinity: 2
    m_PostInfinity: 2
    m_RotationOrder: 4
--- !u!4 &780615087
Transform:
  m_ObjectHideFlags: 0
  m_CorrespondingSourceObject: {fileID: 0}
  m_PrefabInstance: {fileID: 0}
  m_PrefabAsset: {fileID: 0}
  m_GameObject: {fileID: 780615085}
  m_LocalRotation: {x: 0, y: 0, z: 0, w: 1}
  m_LocalPosition: {x: 0, y: 0, z: 0}
  m_LocalScale: {x: 1, y: 1, z: 1}
  m_Children: []
  m_Father: {fileID: 0}
  m_RootOrder: 6
  m_LocalEulerAnglesHint: {x: 0, y: 0, z: 0}
--- !u!1001 &907652680
PrefabInstance:
  m_ObjectHideFlags: 0
  serializedVersion: 2
  m_Modification:
    m_TransformParent: {fileID: 0}
    m_Modifications:
    - target: {fileID: 100006, guid: add97e46b55c3b145bd1d44ccf9af936, type: 3}
      propertyPath: m_StaticEditorFlags
      value: 4294967295
      objectReference: {fileID: 0}
    - target: {fileID: 100000, guid: add97e46b55c3b145bd1d44ccf9af936, type: 3}
      propertyPath: m_StaticEditorFlags
      value: 4294967295
      objectReference: {fileID: 0}
    - target: {fileID: 100002, guid: add97e46b55c3b145bd1d44ccf9af936, type: 3}
      propertyPath: m_StaticEditorFlags
      value: 4294967295
      objectReference: {fileID: 0}
    - target: {fileID: 100004, guid: add97e46b55c3b145bd1d44ccf9af936, type: 3}
      propertyPath: m_StaticEditorFlags
      value: 4294967295
      objectReference: {fileID: 0}
    - target: {fileID: 100008, guid: add97e46b55c3b145bd1d44ccf9af936, type: 3}
      propertyPath: m_StaticEditorFlags
      value: 4294967295
      objectReference: {fileID: 0}
    - target: {fileID: 100010, guid: add97e46b55c3b145bd1d44ccf9af936, type: 3}
      propertyPath: m_StaticEditorFlags
      value: 4294967295
      objectReference: {fileID: 0}
    - target: {fileID: 100012, guid: add97e46b55c3b145bd1d44ccf9af936, type: 3}
      propertyPath: m_StaticEditorFlags
      value: 4294967295
      objectReference: {fileID: 0}
    - target: {fileID: 100014, guid: add97e46b55c3b145bd1d44ccf9af936, type: 3}
      propertyPath: m_StaticEditorFlags
      value: 4294967295
      objectReference: {fileID: 0}
    - target: {fileID: 100016, guid: add97e46b55c3b145bd1d44ccf9af936, type: 3}
      propertyPath: m_StaticEditorFlags
      value: 4294967295
      objectReference: {fileID: 0}
    - target: {fileID: 100018, guid: add97e46b55c3b145bd1d44ccf9af936, type: 3}
      propertyPath: m_StaticEditorFlags
      value: 4294967295
      objectReference: {fileID: 0}
    - target: {fileID: 100020, guid: add97e46b55c3b145bd1d44ccf9af936, type: 3}
      propertyPath: m_StaticEditorFlags
      value: 4294967295
      objectReference: {fileID: 0}
    - target: {fileID: 100022, guid: add97e46b55c3b145bd1d44ccf9af936, type: 3}
      propertyPath: m_StaticEditorFlags
      value: 4294967295
      objectReference: {fileID: 0}
    - target: {fileID: 100024, guid: add97e46b55c3b145bd1d44ccf9af936, type: 3}
      propertyPath: m_StaticEditorFlags
      value: 4294967295
      objectReference: {fileID: 0}
    - target: {fileID: 100026, guid: add97e46b55c3b145bd1d44ccf9af936, type: 3}
      propertyPath: m_StaticEditorFlags
      value: 4294967295
      objectReference: {fileID: 0}
    - target: {fileID: 100028, guid: add97e46b55c3b145bd1d44ccf9af936, type: 3}
      propertyPath: m_StaticEditorFlags
      value: 4294967295
      objectReference: {fileID: 0}
    - target: {fileID: 100030, guid: add97e46b55c3b145bd1d44ccf9af936, type: 3}
      propertyPath: m_StaticEditorFlags
      value: 4294967295
      objectReference: {fileID: 0}
    - target: {fileID: 100032, guid: add97e46b55c3b145bd1d44ccf9af936, type: 3}
      propertyPath: m_StaticEditorFlags
      value: 4294967295
      objectReference: {fileID: 0}
    - target: {fileID: 100034, guid: add97e46b55c3b145bd1d44ccf9af936, type: 3}
      propertyPath: m_StaticEditorFlags
      value: 4294967295
      objectReference: {fileID: 0}
    - target: {fileID: 100036, guid: add97e46b55c3b145bd1d44ccf9af936, type: 3}
      propertyPath: m_StaticEditorFlags
      value: 4294967295
      objectReference: {fileID: 0}
    - target: {fileID: 100038, guid: add97e46b55c3b145bd1d44ccf9af936, type: 3}
      propertyPath: m_StaticEditorFlags
      value: 4294967295
      objectReference: {fileID: 0}
    - target: {fileID: 100040, guid: add97e46b55c3b145bd1d44ccf9af936, type: 3}
      propertyPath: m_StaticEditorFlags
      value: 4294967295
      objectReference: {fileID: 0}
    - target: {fileID: 100042, guid: add97e46b55c3b145bd1d44ccf9af936, type: 3}
      propertyPath: m_StaticEditorFlags
      value: 4294967295
      objectReference: {fileID: 0}
    - target: {fileID: 100044, guid: add97e46b55c3b145bd1d44ccf9af936, type: 3}
      propertyPath: m_StaticEditorFlags
      value: 4294967295
      objectReference: {fileID: 0}
    - target: {fileID: 100046, guid: add97e46b55c3b145bd1d44ccf9af936, type: 3}
      propertyPath: m_StaticEditorFlags
      value: 4294967295
      objectReference: {fileID: 0}
    - target: {fileID: 100048, guid: add97e46b55c3b145bd1d44ccf9af936, type: 3}
      propertyPath: m_StaticEditorFlags
      value: 4294967295
      objectReference: {fileID: 0}
    - target: {fileID: 400006, guid: add97e46b55c3b145bd1d44ccf9af936, type: 3}
      propertyPath: m_LocalPosition.x
      value: 2.5
      objectReference: {fileID: 0}
    - target: {fileID: 400006, guid: add97e46b55c3b145bd1d44ccf9af936, type: 3}
      propertyPath: m_LocalPosition.y
      value: 2.8079484e-16
      objectReference: {fileID: 0}
    - target: {fileID: 400006, guid: add97e46b55c3b145bd1d44ccf9af936, type: 3}
      propertyPath: m_LocalPosition.z
      value: -10
      objectReference: {fileID: 0}
    - target: {fileID: 400006, guid: add97e46b55c3b145bd1d44ccf9af936, type: 3}
      propertyPath: m_LocalRotation.x
      value: 0
      objectReference: {fileID: 0}
    - target: {fileID: 400006, guid: add97e46b55c3b145bd1d44ccf9af936, type: 3}
      propertyPath: m_LocalRotation.y
      value: -0
      objectReference: {fileID: 0}
    - target: {fileID: 400006, guid: add97e46b55c3b145bd1d44ccf9af936, type: 3}
      propertyPath: m_LocalRotation.z
      value: -0
      objectReference: {fileID: 0}
    - target: {fileID: 400006, guid: add97e46b55c3b145bd1d44ccf9af936, type: 3}
      propertyPath: m_LocalRotation.w
      value: 1
      objectReference: {fileID: 0}
    - target: {fileID: 400006, guid: add97e46b55c3b145bd1d44ccf9af936, type: 3}
      propertyPath: m_RootOrder
      value: 0
      objectReference: {fileID: 0}
    - target: {fileID: 6400000, guid: add97e46b55c3b145bd1d44ccf9af936, type: 3}
      propertyPath: m_Enabled
      value: 0
      objectReference: {fileID: 0}
    - target: {fileID: 6400034, guid: add97e46b55c3b145bd1d44ccf9af936, type: 3}
      propertyPath: m_Enabled
      value: 0
      objectReference: {fileID: 0}
    m_RemovedComponents: []
  m_SourcePrefab: {fileID: 100100000, guid: add97e46b55c3b145bd1d44ccf9af936, type: 3}
--- !u!1 &1118633741
GameObject:
  m_ObjectHideFlags: 0
  m_CorrespondingSourceObject: {fileID: 0}
  m_PrefabInstance: {fileID: 0}
  m_PrefabAsset: {fileID: 0}
  serializedVersion: 6
  m_Component:
  - component: {fileID: 1118633743}
  - component: {fileID: 1118633742}
  m_Layer: 0
  m_Name: Spot Light_2
  m_TagString: Untagged
  m_Icon: {fileID: 0}
  m_NavMeshLayer: 0
  m_StaticEditorFlags: 4294967295
  m_IsActive: 1
--- !u!108 &1118633742
Light:
  m_ObjectHideFlags: 0
  m_CorrespondingSourceObject: {fileID: 0}
  m_PrefabInstance: {fileID: 0}
  m_PrefabAsset: {fileID: 0}
  m_GameObject: {fileID: 1118633741}
  m_Enabled: 1
  serializedVersion: 9
  m_Type: 0
  m_Color: {r: 1, g: 0.91999274, b: 0.7028302, a: 1}
  m_Intensity: 1.25
  m_Range: 10
  m_SpotAngle: 128.9
  m_InnerSpotAngle: 112.743515
  m_CookieSize: 10
  m_Shadows:
    m_Type: 2
    m_Resolution: 2
    m_CustomResolution: -1
    m_Strength: 1
    m_Bias: 0.002
    m_NormalBias: 0.4
    m_NearPlane: 0.2
    m_CullingMatrixOverride:
      e00: 1
      e01: 0
      e02: 0
      e03: 0
      e10: 0
      e11: 1
      e12: 0
      e13: 0
      e20: 0
      e21: 0
      e22: 1
      e23: 0
      e30: 0
      e31: 0
      e32: 0
      e33: 1
    m_UseCullingMatrixOverride: 0
  m_Cookie: {fileID: 0}
  m_DrawHalo: 0
  m_Flare: {fileID: 0}
  m_RenderMode: 0
  m_CullingMask:
    serializedVersion: 2
    m_Bits: 4294967295
  m_RenderingLayerMask: 1
  m_Lightmapping: 1
  m_LightShadowCasterMode: 0
  m_AreaSize: {x: 1, y: 1}
  m_BounceIntensity: 1.25
  m_ColorTemperature: 6570
  m_UseColorTemperature: 0
  m_BoundingSphereOverride: {x: 0, y: 0, z: 0, w: 0}
  m_UseBoundingSphereOverride: 0
  m_ShadowRadius: 0
  m_ShadowAngle: 0
--- !u!4 &1118633743
Transform:
  m_ObjectHideFlags: 0
  m_CorrespondingSourceObject: {fileID: 0}
  m_PrefabInstance: {fileID: 0}
  m_PrefabAsset: {fileID: 0}
  m_GameObject: {fileID: 1118633741}
  m_LocalRotation: {x: 0.7071068, y: -0, z: -0, w: 0.7071068}
  m_LocalPosition: {x: 2.42, y: 3.26, z: -8.35}
  m_LocalScale: {x: 1, y: 1, z: 1}
  m_Children: []
  m_Father: {fileID: 2056653234}
  m_RootOrder: 2
  m_LocalEulerAnglesHint: {x: 90, y: 0, z: 0}
--- !u!1001 &1126151457
PrefabInstance:
  m_ObjectHideFlags: 0
  serializedVersion: 2
  m_Modification:
    m_TransformParent: {fileID: 0}
    m_Modifications:
    - target: {fileID: 100000, guid: 5e9e851c0e142814dac026a256ba2ac0, type: 3}
      propertyPath: m_Name
      value: FPSController
      objectReference: {fileID: 0}
    - target: {fileID: 400000, guid: 5e9e851c0e142814dac026a256ba2ac0, type: 3}
      propertyPath: m_LocalPosition.x
      value: 2.462
      objectReference: {fileID: 0}
    - target: {fileID: 400000, guid: 5e9e851c0e142814dac026a256ba2ac0, type: 3}
      propertyPath: m_LocalPosition.y
      value: 0.944
      objectReference: {fileID: 0}
    - target: {fileID: 400000, guid: 5e9e851c0e142814dac026a256ba2ac0, type: 3}
      propertyPath: m_LocalPosition.z
      value: -15.75
      objectReference: {fileID: 0}
    - target: {fileID: 400000, guid: 5e9e851c0e142814dac026a256ba2ac0, type: 3}
      propertyPath: m_LocalRotation.x
      value: 0
      objectReference: {fileID: 0}
    - target: {fileID: 400000, guid: 5e9e851c0e142814dac026a256ba2ac0, type: 3}
      propertyPath: m_LocalRotation.y
      value: 0
      objectReference: {fileID: 0}
    - target: {fileID: 400000, guid: 5e9e851c0e142814dac026a256ba2ac0, type: 3}
      propertyPath: m_LocalRotation.z
      value: 0
      objectReference: {fileID: 0}
    - target: {fileID: 400000, guid: 5e9e851c0e142814dac026a256ba2ac0, type: 3}
      propertyPath: m_LocalRotation.w
      value: 1
      objectReference: {fileID: 0}
    - target: {fileID: 400000, guid: 5e9e851c0e142814dac026a256ba2ac0, type: 3}
      propertyPath: m_RootOrder
      value: 1
      objectReference: {fileID: 0}
    - target: {fileID: 400000, guid: 5e9e851c0e142814dac026a256ba2ac0, type: 3}
      propertyPath: m_LocalEulerAnglesHint.x
      value: 0
      objectReference: {fileID: 0}
    - target: {fileID: 400000, guid: 5e9e851c0e142814dac026a256ba2ac0, type: 3}
      propertyPath: m_LocalEulerAnglesHint.y
      value: 0
      objectReference: {fileID: 0}
    - target: {fileID: 400000, guid: 5e9e851c0e142814dac026a256ba2ac0, type: 3}
      propertyPath: m_LocalEulerAnglesHint.z
      value: 0
      objectReference: {fileID: 0}
    m_RemovedComponents: []
  m_SourcePrefab: {fileID: 100100000, guid: 5e9e851c0e142814dac026a256ba2ac0, type: 3}
--- !u!1 &1143810564
GameObject:
  m_ObjectHideFlags: 0
  m_CorrespondingSourceObject: {fileID: 0}
  m_PrefabInstance: {fileID: 0}
  m_PrefabAsset: {fileID: 0}
  serializedVersion: 6
  m_Component:
  - component: {fileID: 1143810566}
  - component: {fileID: 1143810565}
  m_Layer: 0
  m_Name: Spot Light_1
  m_TagString: Untagged
  m_Icon: {fileID: 0}
  m_NavMeshLayer: 0
  m_StaticEditorFlags: 4294967295
  m_IsActive: 1
--- !u!108 &1143810565
Light:
  m_ObjectHideFlags: 0
  m_CorrespondingSourceObject: {fileID: 0}
  m_PrefabInstance: {fileID: 0}
  m_PrefabAsset: {fileID: 0}
  m_GameObject: {fileID: 1143810564}
  m_Enabled: 1
  serializedVersion: 9
  m_Type: 0
  m_Color: {r: 1, g: 0.91999274, b: 0.7028302, a: 1}
  m_Intensity: 1.25
  m_Range: 10
  m_SpotAngle: 128.9
  m_InnerSpotAngle: 112.743515
  m_CookieSize: 10
  m_Shadows:
    m_Type: 2
    m_Resolution: 2
    m_CustomResolution: -1
    m_Strength: 1
    m_Bias: 0.002
    m_NormalBias: 0.4
    m_NearPlane: 0.2
    m_CullingMatrixOverride:
      e00: 1
      e01: 0
      e02: 0
      e03: 0
      e10: 0
      e11: 1
      e12: 0
      e13: 0
      e20: 0
      e21: 0
      e22: 1
      e23: 0
      e30: 0
      e31: 0
      e32: 0
      e33: 1
    m_UseCullingMatrixOverride: 0
  m_Cookie: {fileID: 0}
  m_DrawHalo: 0
  m_Flare: {fileID: 0}
  m_RenderMode: 0
  m_CullingMask:
    serializedVersion: 2
    m_Bits: 4294967295
  m_RenderingLayerMask: 1
  m_Lightmapping: 1
  m_LightShadowCasterMode: 0
  m_AreaSize: {x: 1, y: 1}
  m_BounceIntensity: 1.25
  m_ColorTemperature: 6570
  m_UseColorTemperature: 0
  m_BoundingSphereOverride: {x: 0, y: 0, z: 0, w: 0}
  m_UseBoundingSphereOverride: 0
  m_ShadowRadius: 0
  m_ShadowAngle: 0
--- !u!4 &1143810566
Transform:
  m_ObjectHideFlags: 0
  m_CorrespondingSourceObject: {fileID: 0}
  m_PrefabInstance: {fileID: 0}
  m_PrefabAsset: {fileID: 0}
  m_GameObject: {fileID: 1143810564}
  m_LocalRotation: {x: 0.7071068, y: -0, z: -0, w: 0.7071068}
  m_LocalPosition: {x: 2.42, y: 3.26, z: -13.69}
  m_LocalScale: {x: 1, y: 1, z: 1}
  m_Children: []
  m_Father: {fileID: 2056653234}
  m_RootOrder: 1
  m_LocalEulerAnglesHint: {x: 90, y: 0, z: 0}
--- !u!1 &1504607574
GameObject:
  m_ObjectHideFlags: 0
  m_CorrespondingSourceObject: {fileID: 0}
  m_PrefabInstance: {fileID: 0}
  m_PrefabAsset: {fileID: 0}
  serializedVersion: 6
  m_Component:
  - component: {fileID: 1504607578}
  - component: {fileID: 1504607577}
  - component: {fileID: 1504607576}
  - component: {fileID: 1504607575}
  m_Layer: 0
  m_Name: TriggerBox_02
  m_TagString: Untagged
  m_Icon: {fileID: 0}
  m_NavMeshLayer: 0
  m_StaticEditorFlags: 4294967295
  m_IsActive: 1
--- !u!114 &1504607575
MonoBehaviour:
  m_ObjectHideFlags: 0
  m_CorrespondingSourceObject: {fileID: 0}
  m_PrefabInstance: {fileID: 0}
  m_PrefabAsset: {fileID: 0}
  m_GameObject: {fileID: 1504607574}
  m_Enabled: 1
  m_EditorHideFlags: 0
  m_Script: {fileID: 11500000, guid: 965f1662fac754345b089e838fe6e83d, type: 3}
  m_Name: 
  m_EditorClassIdentifier: 
--- !u!82 &1504607576
AudioSource:
  m_ObjectHideFlags: 0
  m_CorrespondingSourceObject: {fileID: 0}
  m_PrefabInstance: {fileID: 0}
  m_PrefabAsset: {fileID: 0}
  m_GameObject: {fileID: 1504607574}
  m_Enabled: 1
  serializedVersion: 4
  OutputAudioMixerGroup: {fileID: 0}
  m_audioClip: {fileID: 8300000, guid: ebe95064bb301de429f162b6df5c6093, type: 3}
  m_PlayOnAwake: 0
  m_Volume: 1
  m_Pitch: 1
  Loop: 0
  Mute: 0
  Spatialize: 0
  SpatializePostEffects: 0
  Priority: 128
  DopplerLevel: 1
  MinDistance: 1
  MaxDistance: 500
  Pan2D: 0
  rolloffMode: 0
  BypassEffects: 0
  BypassListenerEffects: 0
  BypassReverbZones: 0
  rolloffCustomCurve:
    serializedVersion: 2
    m_Curve:
    - serializedVersion: 3
      time: 0
      value: 1
      inSlope: 0
      outSlope: 0
      tangentMode: 0
      weightedMode: 0
      inWeight: 0.33333334
      outWeight: 0.33333334
    - serializedVersion: 3
      time: 1
      value: 0
      inSlope: 0
      outSlope: 0
      tangentMode: 0
      weightedMode: 0
      inWeight: 0.33333334
      outWeight: 0.33333334
    m_PreInfinity: 2
    m_PostInfinity: 2
    m_RotationOrder: 4
  panLevelCustomCurve:
    serializedVersion: 2
    m_Curve:
    - serializedVersion: 3
      time: 0
      value: 0
      inSlope: 0
      outSlope: 0
      tangentMode: 0
      weightedMode: 0
      inWeight: 0.33333334
      outWeight: 0.33333334
    m_PreInfinity: 2
    m_PostInfinity: 2
    m_RotationOrder: 4
  spreadCustomCurve:
    serializedVersion: 2
    m_Curve:
    - serializedVersion: 3
      time: 0
      value: 0
      inSlope: 0
      outSlope: 0
      tangentMode: 0
      weightedMode: 0
      inWeight: 0.33333334
      outWeight: 0.33333334
    m_PreInfinity: 2
    m_PostInfinity: 2
    m_RotationOrder: 4
  reverbZoneMixCustomCurve:
    serializedVersion: 2
    m_Curve:
    - serializedVersion: 3
      time: 0
      value: 1
      inSlope: 0
      outSlope: 0
      tangentMode: 0
      weightedMode: 0
      inWeight: 0.33333334
      outWeight: 0.33333334
    m_PreInfinity: 2
    m_PostInfinity: 2
    m_RotationOrder: 4
--- !u!65 &1504607577
BoxCollider:
  m_ObjectHideFlags: 0
  m_CorrespondingSourceObject: {fileID: 0}
  m_PrefabInstance: {fileID: 0}
  m_PrefabAsset: {fileID: 0}
  m_GameObject: {fileID: 1504607574}
  m_Material: {fileID: 0}
  m_IsTrigger: 1
  m_Enabled: 1
  serializedVersion: 2
  m_Size: {x: 1, y: 1, z: 1}
  m_Center: {x: 0, y: 0, z: 0}
--- !u!4 &1504607578
Transform:
  m_ObjectHideFlags: 0
  m_CorrespondingSourceObject: {fileID: 0}
  m_PrefabInstance: {fileID: 0}
  m_PrefabAsset: {fileID: 0}
  m_GameObject: {fileID: 1504607574}
  m_LocalRotation: {x: 0, y: 0.7071068, z: 0, w: 0.7071068}
  m_LocalPosition: {x: -0.32, y: 1.54, z: -3}
  m_LocalScale: {x: 5.8056817, y: 3.3683, z: 1}
  m_Children: []
  m_Father: {fileID: 0}
  m_RootOrder: 4
  m_LocalEulerAnglesHint: {x: 0, y: 90, z: 0}
--- !u!1 &1673651375
GameObject:
  m_ObjectHideFlags: 0
  m_CorrespondingSourceObject: {fileID: 0}
  m_PrefabInstance: {fileID: 0}
  m_PrefabAsset: {fileID: 0}
  serializedVersion: 6
  m_Component:
  - component: {fileID: 1673651377}
  - component: {fileID: 1673651376}
  - component: {fileID: 1673651378}
  - component: {fileID: 1673651379}
  m_Layer: 0
  m_Name: TriggerBox_01
  m_TagString: Untagged
  m_Icon: {fileID: 0}
  m_NavMeshLayer: 0
  m_StaticEditorFlags: 4294967295
  m_IsActive: 1
--- !u!65 &1673651376
BoxCollider:
  m_ObjectHideFlags: 0
  m_CorrespondingSourceObject: {fileID: 0}
  m_PrefabInstance: {fileID: 0}
  m_PrefabAsset: {fileID: 0}
  m_GameObject: {fileID: 1673651375}
  m_Material: {fileID: 0}
  m_IsTrigger: 1
  m_Enabled: 1
  serializedVersion: 2
  m_Size: {x: 1, y: 1, z: 1}
  m_Center: {x: 0, y: 0, z: 0}
--- !u!4 &1673651377
Transform:
  m_ObjectHideFlags: 0
  m_CorrespondingSourceObject: {fileID: 0}
  m_PrefabInstance: {fileID: 0}
  m_PrefabAsset: {fileID: 0}
  m_GameObject: {fileID: 1673651375}
  m_LocalRotation: {x: 0, y: 0, z: 0, w: 1}
  m_LocalPosition: {x: 2.48, y: 1.54, z: -9.4}
  m_LocalScale: {x: 2.5423, y: 3.3683, z: 1}
  m_Children: []
  m_Father: {fileID: 0}
  m_RootOrder: 3
  m_LocalEulerAnglesHint: {x: 0, y: 0, z: 0}
--- !u!114 &1673651378
MonoBehaviour:
  m_ObjectHideFlags: 0
  m_CorrespondingSourceObject: {fileID: 0}
  m_PrefabInstance: {fileID: 0}
  m_PrefabAsset: {fileID: 0}
  m_GameObject: {fileID: 1673651375}
  m_Enabled: 1
  m_EditorHideFlags: 0
  m_Script: {fileID: 11500000, guid: 65c119eb92bede047a42ecbc48ba50fe, type: 3}
  m_Name: 
  m_EditorClassIdentifier: 
--- !u!82 &1673651379
AudioSource:
  m_ObjectHideFlags: 0
  m_CorrespondingSourceObject: {fileID: 0}
  m_PrefabInstance: {fileID: 0}
  m_PrefabAsset: {fileID: 0}
  m_GameObject: {fileID: 1673651375}
  m_Enabled: 1
  serializedVersion: 4
  OutputAudioMixerGroup: {fileID: 0}
  m_audioClip: {fileID: 8300000, guid: e02dde6e0dfc1e643a20a8ffd0fe8666, type: 3}
  m_PlayOnAwake: 0
  m_Volume: 1
  m_Pitch: 1
  Loop: 0
  Mute: 0
  Spatialize: 0
  SpatializePostEffects: 0
  Priority: 128
  DopplerLevel: 1
  MinDistance: 1
  MaxDistance: 500
  Pan2D: 0
  rolloffMode: 0
  BypassEffects: 0
  BypassListenerEffects: 0
  BypassReverbZones: 0
  rolloffCustomCurve:
    serializedVersion: 2
    m_Curve:
    - serializedVersion: 3
      time: 0
      value: 1
      inSlope: 0
      outSlope: 0
      tangentMode: 0
      weightedMode: 0
      inWeight: 0.33333334
      outWeight: 0.33333334
    - serializedVersion: 3
      time: 1
      value: 0
      inSlope: 0
      outSlope: 0
      tangentMode: 0
      weightedMode: 0
      inWeight: 0.33333334
      outWeight: 0.33333334
    m_PreInfinity: 2
    m_PostInfinity: 2
    m_RotationOrder: 4
  panLevelCustomCurve:
    serializedVersion: 2
    m_Curve:
    - serializedVersion: 3
      time: 0
      value: 0.791
      inSlope: 0
      outSlope: 0
      tangentMode: 0
      weightedMode: 0
      inWeight: 0.33333334
      outWeight: 0.33333334
    m_PreInfinity: 2
    m_PostInfinity: 2
    m_RotationOrder: 4
  spreadCustomCurve:
    serializedVersion: 2
    m_Curve:
    - serializedVersion: 3
      time: 0
      value: 0
      inSlope: 0
      outSlope: 0
      tangentMode: 0
      weightedMode: 0
      inWeight: 0.33333334
      outWeight: 0.33333334
    m_PreInfinity: 2
    m_PostInfinity: 2
    m_RotationOrder: 4
  reverbZoneMixCustomCurve:
    serializedVersion: 2
    m_Curve:
    - serializedVersion: 3
      time: 0
      value: 1
      inSlope: 0
      outSlope: 0
      tangentMode: 0
      weightedMode: 0
      inWeight: 0.33333334
      outWeight: 0.33333334
    m_PreInfinity: 2
    m_PostInfinity: 2
    m_RotationOrder: 4
--- !u!1 &1838285812
GameObject:
  m_ObjectHideFlags: 0
  m_CorrespondingSourceObject: {fileID: 0}
  m_PrefabInstance: {fileID: 0}
  m_PrefabAsset: {fileID: 0}
  serializedVersion: 6
  m_Component:
  - component: {fileID: 1838285814}
  - component: {fileID: 1838285813}
  m_Layer: 0
  m_Name: Spot Light_3
  m_TagString: Untagged
  m_Icon: {fileID: 0}
  m_NavMeshLayer: 0
  m_StaticEditorFlags: 4294967295
  m_IsActive: 1
--- !u!108 &1838285813
Light:
  m_ObjectHideFlags: 0
  m_CorrespondingSourceObject: {fileID: 0}
  m_PrefabInstance: {fileID: 0}
  m_PrefabAsset: {fileID: 0}
  m_GameObject: {fileID: 1838285812}
  m_Enabled: 1
  serializedVersion: 9
  m_Type: 0
  m_Color: {r: 1, g: 0.91999274, b: 0.7028302, a: 1}
  m_Intensity: 1.25
  m_Range: 10
  m_SpotAngle: 128.9
  m_InnerSpotAngle: 112.743515
  m_CookieSize: 10
  m_Shadows:
    m_Type: 2
    m_Resolution: 2
    m_CustomResolution: -1
    m_Strength: 1
    m_Bias: 0.002
    m_NormalBias: 0.4
    m_NearPlane: 0.2
    m_CullingMatrixOverride:
      e00: 1
      e01: 0
      e02: 0
      e03: 0
      e10: 0
      e11: 1
      e12: 0
      e13: 0
      e20: 0
      e21: 0
      e22: 1
      e23: 0
      e30: 0
      e31: 0
      e32: 0
      e33: 1
    m_UseCullingMatrixOverride: 0
  m_Cookie: {fileID: 0}
  m_DrawHalo: 0
  m_Flare: {fileID: 0}
  m_RenderMode: 0
  m_CullingMask:
    serializedVersion: 2
    m_Bits: 4294967295
  m_RenderingLayerMask: 1
  m_Lightmapping: 1
  m_LightShadowCasterMode: 0
  m_AreaSize: {x: 1, y: 1}
  m_BounceIntensity: 1.25
  m_ColorTemperature: 6570
  m_UseColorTemperature: 0
  m_BoundingSphereOverride: {x: 0, y: 0, z: 0, w: 0}
  m_UseBoundingSphereOverride: 0
  m_ShadowRadius: 0
  m_ShadowAngle: 0
--- !u!4 &1838285814
Transform:
  m_ObjectHideFlags: 0
  m_CorrespondingSourceObject: {fileID: 0}
  m_PrefabInstance: {fileID: 0}
  m_PrefabAsset: {fileID: 0}
  m_GameObject: {fileID: 1838285812}
  m_LocalRotation: {x: 0.7071068, y: -0, z: -0, w: 0.7071068}
  m_LocalPosition: {x: 2.42, y: 3.26, z: -4.27}
  m_LocalScale: {x: 1, y: 1, z: 1}
  m_Children: []
  m_Father: {fileID: 2056653234}
  m_RootOrder: 3
  m_LocalEulerAnglesHint: {x: 90, y: 0, z: 0}
--- !u!1 &2056653233
GameObject:
  m_ObjectHideFlags: 0
  m_CorrespondingSourceObject: {fileID: 0}
  m_PrefabInstance: {fileID: 0}
  m_PrefabAsset: {fileID: 0}
  serializedVersion: 6
  m_Component:
  - component: {fileID: 2056653234}
  m_Layer: 0
  m_Name: Lighting
  m_TagString: Untagged
  m_Icon: {fileID: 0}
  m_NavMeshLayer: 0
  m_StaticEditorFlags: 4294967295
  m_IsActive: 1
--- !u!4 &2056653234
Transform:
  m_ObjectHideFlags: 0
  m_CorrespondingSourceObject: {fileID: 0}
  m_PrefabInstance: {fileID: 0}
  m_PrefabAsset: {fileID: 0}
  m_GameObject: {fileID: 2056653233}
  m_LocalRotation: {x: 0, y: 0, z: 0, w: 1}
  m_LocalPosition: {x: 0, y: 0, z: 0}
  m_LocalScale: {x: 1, y: 1, z: 1}
  m_Children:
  - {fileID: 159381542}
  - {fileID: 1143810566}
  - {fileID: 1118633743}
  - {fileID: 1838285814}
  - {fileID: 422299039}
  - {fileID: 500398744}
  - {fileID: 240396477}
  - {fileID: 152025174}
  - {fileID: 753142719}
  m_Father: {fileID: 0}
  m_RootOrder: 2
  m_LocalEulerAnglesHint: {x: 0, y: 0, z: 0}
